<?xml version="1.0" encoding="UTF-8"?>
<?xml-stylesheet type="text/xsl" href="https://cyberpsychology.eu/lib/pkp/xml/oai2.xsl" ?>
<OAI-PMH xmlns="http://www.openarchives.org/OAI/2.0/"
    xmlns:xsi="http://www.w3.org/2001/XMLSchema-instance"
    xsi:schemaLocation="http://www.openarchives.org/OAI/2.0/
    http://www.openarchives.org/OAI/2.0/OAI-PMH.xsd">
    <responseDate>2024-05-23T13:52:47Z</responseDate>
    <request verb="GetRecord" metadataPrefix="marcxml" identifier="oai:ojs.journals.muni.cz:article/36754">https://cyberpsychology.eu/oai</request>
    <GetRecord>
        <record>
            <header>
                <identifier>oai:ojs.journals.muni.cz:article/36754</identifier>
                <datestamp>2024-04-11T11:25:35Z</datestamp>
                <setSpec>cyberpsychology:ART</setSpec>
            </header>
            <metadata>
                <record
                    xmlns="http://www.loc.gov/MARC21/slim"
                    xmlns:xsi="http://www.w3.org/2001/XMLSchema-instance"
                    xsi:schemaLocation="http://www.loc.gov/MARC21/slim http://www.loc.gov/standards/marcxml/schema/MARC21slim.xsd">
                    <leader>     nmb a2200000Iu 4500</leader>
                    <controlfield tag="008">"240411 2024                        eng  "</controlfield>
                    <datafield tag="022" ind1="#" ind2="#">
                        <subfield code="$a">1802-7962</subfield>
                    </datafield>
                    <datafield tag="042" ind1=" " ind2=" ">
                        <subfield code="a">dc</subfield>
                    </datafield>
                    <datafield tag="245" ind1="0" ind2="0">
                        <subfield code="a">I’ll be there for you? The bystander intervention model and cyber aggression</subfield>
                    </datafield>
                    
                    <datafield tag="720" ind1="1" ind2=" ">
                        <subfield code="a">Karasavva, Vasileia</subfield>
                        <subfield code="u">Department of Psychology, University of British Columbia, Vancouver, BC, Canada</subfield>						<subfield code="0">https://orcid.org/0000-0003-0778-8454</subfield>		</datafield>
                    <datafield tag="720" ind1="1" ind2=" ">
                        <subfield code="a">Mikami, Amori</subfield>
                        <subfield code="u">Department of Psychology, University of British Columbia, Vancouver, BC, Canada</subfield>			<subfield code="0">https://peerlab.psych.ubc.ca/</subfield>			<subfield code="0">https://orcid.org/0000-0001-5821-0674</subfield>		</datafield>
                    <datafield tag="520" ind1=" " ind2=" ">
                        <subfield code="a">
                            The Bystander Intervention Model (BIM) has been validated for face-to-face emergencies and dictates that observers’ decision to intervene hinges on five sequential steps, while barriers block progress between steps. The current study is the first, to our knowledge, to apply the BIM in its entirety to cyber aggression and explore the ways that individual factors such as experiences with depression, social anxiety, and cyber aggression either as the target or the aggressor influence bystanders. In our pre-registered study, emerging adults (N = 1,093) viewed pilot-tested cyber aggressive content and reported how they would engage with each of the steps and barriers of the BIM, if they were observing this content as a bystander in real life. Regarding the actions they would take, most participants chose non-intervention (36.3%) or private direct intervention (39.4%). Path analysis suggested that overall, the BIM can explain bystanders’ responses to cyber aggression. Nonetheless, there were some discrepancies with prior work on face-to-face emergencies, specifically that cyber bystander intervention does not appear to be as linear. As well, in contrast to the face-to-face applications of the BIM that prescribes barriers to affect only a single specific step, here we found some barriers were negatively linked to multiple steps. These findings elucidate ways in which cyber aggression in the online context may be similar to, as well as different from, aggression that occurs face-to-face. Implications of these findings for interventions are discussed.
                        </subfield>
                    </datafield>
                    <datafield tag="260" ind1=" " ind2=" ">
                        <subfield code="b">Masaryk University, Faculty of Social Studies</subfield>
                    </datafield>
                    <dataField tag="260" ind1=" " ind2=" ">
                        <subfield code="c">2024-04-11 00:00:00</subfield>
                    </dataField>
                    
                    <datafield tag="655" ind1=" " ind2="7">
                        <subfield code="a">research articles</subfield>
                    </datafield>
                    <datafield tag="856" ind1=" " ind2=" ">
                        <subfield code="q">application/pdf</subfield>
                    </datafield>
                    <datafield tag="856" ind1="4" ind2="0">
                        <subfield code="u">https://cyberpsychology.eu/article/view/36754</subfield>
                    </datafield>
                    
                    <datafield tag="786" ind1="0" ind2=" ">
                        <subfield code="n">Cyberpsychology: Journal of Psychosocial Research on Cyberspace; Vol. 18 No. 2 (2024)</subfield>
                    </datafield>
                    
                    <datafield tag="546" ind1=" " ind2=" ">
                        <subfield code="a">eng</subfield>
                    </datafield>
                    
                    
                    <datafield tag="540" ind1=" " ind2=" ">
                        <subfield code="a">Copyright © 2024 Vasileia Karasavva, Amori Mikami</subfield>
                    </datafield>
                </record>
            </metadata>
        </record>
    </GetRecord>
</OAI-PMH>


